10400000         2334864510001300000000000000000000007506082819600000000EMPRESA EMITENTE              CAIXA ECONOMICA FEDERAL                 1141120160931470000010500000000000000000000000000000000000000000000000000                         
10400011R0100030 20334864510001308281960000000000000007506082819600000000EMPRESA EMITENTE                                                                                              000000011411201600000000                                 
1040001300001P 0107506082819600000000000141400000000000001022000000000002    1411201600000000000100000000002N1411201631611201600000000000000000000000000000000000000000000000000000000000000000000000000000000000000000000023001000090000000000 
1040001300002Q 011000078793321112BENJAMIN FRANCISCO MARCOS VINICIUS FERNARUA PRINCIPAL S/N 881                   CENTRO         79210972ANASTACIO      MS0000000000000000                                                                       
1040001300003R 01000000000000000000000000000000000000000000000000315112016000000000000000                                                                                                              0000000000000000 000000000000  0         
1040001300004S 01100                                                                                                                                            00                                                                              
10400015         000006000000000000000000000000000000000000000000000000000000000000000000000                                                                                                                                                    
10499999         000001000008000000                                                                                                                                                                                                             
