08500000         233486451000130828196              0750610000013548433 EMPRESA EMITENTE              CECRED                                  10811201609314700000108700000                                                                     
08500011R01  045 2033486451000130828196              0750610000013548433 EMPRESA EMITENTE                                                                                              000000010811201600000000                                 
0850001300001P 010750610000013548433 09142444000000001   111220000000000000011512201600000000000100000000 02N08112016317122016000000000000000000000000000000000000000000000000000000000000000000000                         3002   090000000000 
0850001300002Q 011000078793321112BENJAMIN FRANCISCO MARCOS VINICIUS FERNARUA PRINCIPAL S/N 881                   CENTRO         79210972ANASTACIO      MS0000000000000000                                        000                            
0850001300003R 01000000000000000000000000000000000000000000000000316122016000000000000000                                                                                                              0000000000000000 000000000000  0         
0850001300004S 01101                                                                                                                                            01                                                                              
08500015         0000060000000000000000000000000000000000000000000000000000000000000000000000000000000000000000000000000000                                                                                                                     
08599999         000001000008000000                                                                                                                                                                                                             
