75600000         233486451000130                    03040600000005484300EMPRESA EMITENTE              SICOOB                                  10609201609435200001108100000                                                                     
75600011R01  040 2033486451000130                    0304060000000548430 EMPRESA EMITENTE                                                                                              000000110609201600000000                                 
7560001300001P 010304060000000548430 000015780401014     10 220000000001578040609201600000000001478900000 02N06092016107092016000000000000025000000000000000000000000000000000000000000000000000000                         3000000090000000000 
7560001300002Q 011000078793321112BENJAMIN FRANCISCO MARCOS VINICIUS FERNARUA PRINCIPAL S/N 881                   CENTRO         79210972ANASTACIO      MS0000000000000000                                        000                            
7560001300003R 01000000000000000000000000000000000000000000000000207092016000000000000200                                                                                                              0000000000000000 000000000000  0         
7560001300004S 01101                                                                                                                                            01                                                                              
75600015         00000600000100000000000014789000000000000000000000000000000000000000000000000000000000000000000000                                                                                                                             
75699999         000001000008000000                                                                                                                                                                                                             
