13600000         233486451000130000000000000000828190750600000013548439 EMPRESA EMITENTE              UNICRED                                 110112016092745000001082000000000000000000000000000000000000000000000                             
13600011R0100041 2033486451000130000000000000000828190750600000013548439 EMPRESA EMITENTE                                                                                              000000011011201600000000                                 
1360001300001P 010750600000013548439 000000000011        112220000000000000011312201600000000000500000000 02N10112016315122016000000000000000000000000000000000000000000000000000000000000000000000                         3000000090000000000 
1360001300002Q 011000078793321112BENJAMIN FRANCISCO MARCOS VINICIUS FERNARUA PRINCIPAL S/N 881                   CENTRO         79210972ANASTACIO      MS2033486451000130EMPRESA EMITENTE                        000                            
1360001300003R 01000000000000000000000000000000000000000000000000314122016000000000000000                                                                                                              0000000000000000 000000000000  0         
13600015         0000050000000000000000000000000000000000000000000000000000000000000000000000000000000000000000000000000000                                                                                                                     
13699999         000001000007000000                                                                                                                                                                                                             
