01REMESSA01COBRANCA       00000000000000082819EMPRESA EMITENTE              136UNICRED        101116       0000000001                                                                                                                                                                                                                                                                                     000001
107506000000135484330021000000000000000000000001              13600                         03          50  0100000000001312160000000005000   00000000101116000000000000000000000000000000000000009000000000000000000000000100078793321112BENJAMIN FRANCISCO MARCOS VINICIUS FERNARUA PRINCIPAL S/N 881                   CENTRO      79210972ANASTACIO           MS                                      000002
9                                                                                                                                                                                                                                                                                                                                                                                                         000003
