02RETORNO01COBRANÇA       30690000554780567329EMPRESA EMITENTE PROD. LTDA - 756 - BANCOOB S/A 0609160000676                                                                                                                                                                                                                                                                                               000001
1022343374200010630690000567329000000                         00000015759501000000DM 00000000000000000000 0106050916000000000157595               160916000000004000075630690010509160000189000000000000000000000000000000000000000000000000000000000000010000000000039000000000000000000000000000000000000000000000000000000010000000000000          0000000000000000000000000000000000000000000000000000000002
1022343374200010630690000567329000000                         00000015210601000000DM 00000000000000000000 0206050916000000000152106               100916000000000590010407010020509160000229000000000000000000000000000000000000000000000000000000000000000000000000005900000000000000000000000000000000000000000000000000000010000000000000          1111111111111100000000000000000000000000000000000000000003
1022343374200010630690000567329000000                         00000015660101000000DM 00000000000000000000 0306050916000000000156601               050916000000002500010405800030509160000229000000000000000000000000000000000000000000000000000000000000000000000000025000000000000000000000000000000000000000000000000000000010000000000000          2222222222222200000000000000000000000000000000000000000004
1022343374200010630690000567329000000                         00000015751701000000DM 00000000000000000000 0106050916000000000157517               100916000000000500000183480040509160000229000000000000000000000000000000000000000000000000000000000000000000000000005000000000000000000000000000000000000000000000000000000010000000000000          3333333333333300000000000000000000000000000000000000000005
1022343374200010630690000567329000000                         00000015761001000000DM 00000000000000000000 0106050916000000000157610               120916000000003500075630690050509160000189000000000000000000000000000000000000000000000000000000000000000000000000035000000000000000000000000000000000000000000000000000000010000000000000          4444444444444400000000000000000000000000000000000000000006
9027563069SICOOB MAXICRÉDITO       RUA FERNANDO MACHADO                              LAGUNA VERMELHA               89805052Chapecó                       SC060920160000000900000010199                                                                                                                                                                                                                    000007
