02RETORNO01COBRANCA       9999906303131000124                               748BANSICREDI     20161206        0000005                                                                                                                                                                                                                                                                                 1.00000001
1            C0000000000                       162000017                                                    06051216          COMPE                     0000000000500                                                              00000000000000000000000000000000000050000000000000000000000000000                          H5        20161207                                                          000002
1            C0000000000                       162000017                                                    28051216          COMPE                     0000000000250                                                              00000000000000000000000000000000000050000000000000000000000000000                          B3        20161205                                                          000003
9274899999                                                                                                                                                                                                                                                                                                                                                                                                000004
