10400000         299999666655555                    03069000000007777780NOME DA EMPRESA SACADO LTDA   NOME DO BANCO                           20905201608511600000108500000                                                                     
10400011T01  043 2099999666655555          306900000203069000000007777780NOME DA EMPRESA SACADO LTDA                                                                                   000000000905201600000000                                 
1040001300001T 06030690CEDEN1EC1BC1EXC1M1NOSSONUMERO00010XNUMEROCOD01EXCL03052016000000000012939104030690                         092111111111111111NOME DO CLIENTE 1                       00000000000000000000002690000000004                 
1040001300002U 060000000000000000000000000000000000000000000000000000000000000000000000129390000000000129390000000000000000000000000000000205201603052016    00000000000000000000000                              75600000000000000000000       
1040001300003T 06030690CEDEN2EC2BC1EXC2M2NOSSONUMERO00020XNUMEROCOD02EXCL06052016000000000002900104030690                         092222222222222222NOME DO CLIENTE 2                       00000000000000000000002690000000004                 
1040001300004U 060000000000000000000000000000000000000000000000000000000000000000000000029000000000000029000000000000000000000000000000000505201606052016    00000000000000000000000                              30400000000000000000000       
1040001300005T 06030690CEDEN3EC3BC1EXC3M3NOSSONUMERO00030XNUMEROCOD03EXCL06052016000000000008910104030690                         092333333333333333NOME DO CLIENTE 3                       00000000000000000000002690000000004                 
1040001300006U 060000000000000000000000000000000000000000000000000000000000000000000000089100000000000089100000000000000000000000000000000505201606052016    00000000000000000000000                              10000000000000000000000       
1040001300007T 06030690CEDEN4EC4BC1EXC4M4NOSSONUMERO00040XNUMEROCOD04EXCL06052016000000000002900104004140                         091444444444444444NOME DO CLIENTE 4                       00000000000000000000002690000000004                 
1040001300008U 060000000000000000000000000000000000000000000000000000000000000000000000029000000000000029000000000000000000000000000000000605201600000000    00000000000000000000000                              10400000000000000000000       
1040001300009T 06030690CEDEN5EC5BC1EXC5M5NOSSONUMERO00050XNUMEROCOD05EXCL06052016000000000004737104004140                         091555555555555555NOME DO CLIENTE 5                       00000000000000000000002690000000004                 
1040001300010U 060000000000000000000000000000000000000000000000000000000000000000000000047370000000000047370000000000000000000000000000000605201600000000    00000000000000000000000                              10400000000000000000000       
10400015         00001200000000000000000000000000000000000000000000000000000000000000000000000000000000000000000000                                                                                                                             
10499999         000001000012000000                                                                                                                                                                                                             