75600000         299999666655555                    03069000000007777780NOME DA EMPRESA SACADO LTDA   NOME DO BANCO                           20905201608511600000108500000                                                                     
75600011T01  043 2099999666655555          306900000203069000000007777780NOME DA EMPRESA SACADO LTDA                                                                                   000000000905201600000000                                 
7560001300001T 0603069000000007777780000000033001014     100000000000033003052016000000000012939756030690                         092111111111111111NOME DO CLIENTE 1                       00000000000000000000002690000000004                 
7560001300002U 060000000000000000000000000000000000000000000000000000000000000000000000129390000000000129390000000000000000000000000000000205201603052016    00000000000000000000000                              75600000000000000000000       
7560001300003T 0603069000000007777780000000034801024     100000000000034806052016000000000002900756030690                         092222222222222222NOME DO CLIENTE 2                       00000000000000000000002690000000004                 
7560001300004U 060000000000000000000000000000000000000000000000000000000000000000000000029000000000000029000000000000000000000000000000000505201606052016    00000000000000000000000                              30400000000000000000000       
7560001300005T 0603069000000007777780000000035501014     100000000000035506052016000000000008910756030690                         092333333333333333NOME DO CLIENTE 3                       00000000000000000000002690000000004                 
7560001300006U 060000000000000000000000000000000000000000000000000000000000000000000000089100000000000089100000000000000000000000000000000505201606052016    00000000000000000000000                              10000000000000000000000       
7560001300007T 0603069000000007777780000000036201014     100000000000036206052016000000000002900104004140                         091444444444444444NOME DO CLIENTE 4                       00000000000000000000002690000000004                 
7560001300008U 060000000000000000000000000000000000000000000000000000000000000000000000029000000000000029000000000000000000000000000000000605201600000000    00000000000000000000000                              75600000000000000000000       
7560001300009T 0603069000000007777780000000036201014     100000000000036206052016000000000004737104004140                         091555555555555555NOME DO CLIENTE 5                       00000000000000000000002690000000004                 
7560001300010U 060000000000000000000000000000000000000000000000000000000000000000000000047370000000000047370000000000000000000000000000000605201600000000    00000000000000000000000                              75600000000000000000000       
75600015         00001200000000000000000000000000000000000000000000000000000000000000000000000000000000000000000000                                                                                                                             
75699999         000001000012000000                                                                                                                                                                                                             