08500000         2150021740001600001010040000       0306900000000777778 NOME DA EMPRESA SACADO LTDA                                           20812201604171900000408400000                                                                     
08500001T01  043 20150021740001600001010040000       0306900000000777778 NOME DA EMPRESA SACADO LTDA                                                                                   000000040812201607122016                                 
0850000300001T 020306900000000777778000777778000000076   100000000000007620122016000000000026000085030690                         902111111111111111EMPRESA DO CLIENTE1 LTDA                0000000000000000000000000                           
0850000300002U 020000000000000000000000000000000000000000000000000000000000000000000000000000000000000000000000000000000000000000000000000712201600000000            000000000000000                              00000000000000000000000       
0850000300003T 060306900000000777778000777778000000071   100000000000007107122016000000000069000033001473                         902222222222222222EMPRESA DO CLIENTE2 - ME                000000000000000000000040033                         
0850000300004U 060000000000000000000000000000000000000000000000000000000000000000000000690000000000000690000000000000000000000000000000000712201608122016            000000000000000                              00000000000000000000000       
0850000300005T 060306900000000777778000777778000000027   100000000000002710122016000000000036500237031178                         902333333333333333NOVA EMPRESA DO CLIENTE3 LTDA - ME      000000000000000000000040033                         
0850000300006U 060000000000000000000000000000000000000000000000000000000000000000000000365000000000000365000000000000000000000000000000000712201608122016            000000000000000                              00000000000000000000000       
08500005         00000800006100000000001744926000000000000000000000000000000000000000000000000000000000000000000000                                                                                                                             
08599999         000001000010000000                                                                                                                                                                                                             
